<?xml version="1.0" encoding="UTF-8"?>
<ting:container xmlns:ting="http://www.dbc.dk/ting" xmlns:dkabm="http://biblstandard.dk/abm/namespace/dkabm/" xmlns:ac="http://biblstandard.dk/ac/namespace/" xmlns:dkdcplus="http://biblstandard.dk/abm/namespace/dkdcplus/" xmlns:oss="http://oss.dbc.dk/ns/osstypes" xmlns:dc="http://purl.org/dc/elements/1.1/" xmlns:dcterms="http://purl.org/dc/terms/" xmlns:xsi="http://www.w3.org/2001/XMLSchema-instance" xmlns:docbook="http://docbook.org/ns/docbook"><dkabm:record><ac:identifier>29069654|870970</ac:identifier><ac:source>Bibliotekskatalog</ac:source><dc:title>Skyrim</dc:title><dc:title xsi:type="dkdcplus:full">Skyrim</dc:title><dc:subject xsi:type="dkdcplus:DK5">79.41</dc:subject><dc:subject xsi:type="dkdcplus:DK5-Text">Computerspil</dc:subject><dc:subject xsi:type="dkdcplus:DBCO">computerspil</dc:subject><dc:subject xsi:type="dkdcplus:DBCO">rollespil</dc:subject><dc:subject xsi:type="dkdcplus:genre">rollespil</dc:subject><dcterms:abstract>Rollespil. Sagaen om det krigshærgede fantasy-kontinent Tamriel fortsætter. Der er gået flere hundrede år siden "Oblivion". Kolossale drager, som man troede var uddøde forlængst, er begyndt at sprede død og ødelæggelse. Som efterkommer af en gammel drageslægt, skal du opklare dragernes hemmelighed. Undervejs skal du nedkæmpe nogle af dragerne og lære deres særlige angreb. Den kolossale verden ligger åben for dine fødder. Du bestemmer selv hvordan eventyret skal udfolde sig, og hvordan det skal ende!</dcterms:abstract><dc:description>Titlen hentet fra disc-etiketten</dc:description><dc:description>Vejledning: Engelsk tekst med quickstart på dansk, norsk, svensk og finsk</dc:description><dcterms:audience xsi:type="dkdcplus:pegi">PEGI-mærkning: 18</dcterms:audience><dcterms:audience xsi:type="dkdcplus:age">Fra 16 år</dcterms:audience><dcterms:audience>voksenmaterialer</dcterms:audience><dc:publisher>Bethesda Softworks</dc:publisher><dc:contributor>Bethesda Game Studios</dc:contributor><dc:date>2011</dc:date><dc:type xsi:type="dkdcplus:BibDK-Type">Playstation 3</dc:type><dc:format>1 blu-ray disc, blu-ray, playstation 3, lyd, farve, 1 bonus materials (dvd-video), 1 vejledning, 1 kort</dc:format><dc:format>Afspilningsudstyr Sony playstation 3; understøtter vibrationsfunktion</dc:format><dc:language xsi:type="dcterms:ISO639-2">eng</dc:language><dc:language>Engelsk</dc:language></dkabm:record><marcx:collection xmlns:marcx="info:lc/xmlns/marcxchange-v1"><marcx:record format="danMARC2" type="Bibliographic"><marcx:leader>00000n    2200000   4500</marcx:leader><marcx:datafield tag="001" ind1="0" ind2="0"><marcx:subfield code="a">29069654</marcx:subfield><marcx:subfield code="b">870970</marcx:subfield><marcx:subfield code="c">20121231180211</marcx:subfield><marcx:subfield code="d">20111114</marcx:subfield><marcx:subfield code="f">a</marcx:subfield></marcx:datafield><marcx:datafield tag="004" ind1="0" ind2="0"><marcx:subfield code="r">n</marcx:subfield><marcx:subfield code="a">e</marcx:subfield></marcx:datafield><marcx:datafield tag="006" ind1="0" ind2="0"><marcx:subfield code="c">20120111</marcx:subfield><marcx:subfield code="2">e</marcx:subfield></marcx:datafield><marcx:datafield tag="006" ind1="0" ind2="0"><marcx:subfield code="e">18</marcx:subfield><marcx:subfield code="2">c</marcx:subfield></marcx:datafield><marcx:datafield tag="006" ind1="0" ind2="0"><marcx:subfield code="e">16</marcx:subfield><marcx:subfield code="2">d</marcx:subfield></marcx:datafield><marcx:datafield tag="008" ind1="0" ind2="0"><marcx:subfield code="t">m</marcx:subfield><marcx:subfield code="u">f</marcx:subfield><marcx:subfield code="a">2011</marcx:subfield><marcx:subfield code="b">xx</marcx:subfield><marcx:subfield code="l">eng</marcx:subfield><marcx:subfield code="q">bg</marcx:subfield><marcx:subfield code="v">0</marcx:subfield></marcx:datafield><marcx:datafield tag="009" ind1="0" ind2="0"><marcx:subfield code="a">t</marcx:subfield><marcx:subfield code="g">to</marcx:subfield><marcx:subfield code="b">a</marcx:subfield><marcx:subfield code="h">xx</marcx:subfield></marcx:datafield><marcx:datafield tag="021" ind1="0" ind2="0"><marcx:subfield code="b">Til udlån og brug på stedet</marcx:subfield><marcx:subfield code="b">En del af oplaget leveres uden dvd-video</marcx:subfield></marcx:datafield><marcx:datafield tag="023" ind1="0" ind2="0"><marcx:subfield code="a">0093155141254</marcx:subfield></marcx:datafield><marcx:datafield tag="032" ind1="0" ind2="0"><marcx:subfield code="x">ACC201146</marcx:subfield><marcx:subfield code="x">BKM201201</marcx:subfield><marcx:subfield code="x">BKX201151</marcx:subfield><marcx:subfield code="x">DAT201210</marcx:subfield></marcx:datafield><marcx:datafield tag="041" ind1="0" ind2="0"><marcx:subfield code="a">eng</marcx:subfield><marcx:subfield code="e">dan</marcx:subfield><marcx:subfield code="e">nor</marcx:subfield><marcx:subfield code="e">swe</marcx:subfield><marcx:subfield code="e">fin</marcx:subfield></marcx:datafield><marcx:datafield tag="245" ind1="0" ind2="0"><marcx:subfield code="a">Skyrim</marcx:subfield><marcx:subfield code="U">elder scrolls 5</marcx:subfield><marcx:subfield code="u">the ¤elder scrolls V</marcx:subfield><marcx:subfield code="e">developed by Bethesda Game Studios</marcx:subfield><marcx:subfield code="ø">Playstation 3</marcx:subfield></marcx:datafield><marcx:datafield tag="260" ind1="0" ind2="0"><marcx:subfield code="a">[S.l.]</marcx:subfield><marcx:subfield code="b">Bethesda Softworks</marcx:subfield><marcx:subfield code="c">2011</marcx:subfield></marcx:datafield><marcx:datafield tag="300" ind1="0" ind2="0"><marcx:subfield code="n">1 blu-ray disc</marcx:subfield><marcx:subfield code="e">blu-ray</marcx:subfield><marcx:subfield code="e">playstation 3</marcx:subfield><marcx:subfield code="b">lyd, farve</marcx:subfield><marcx:subfield code="d">1 bonus materials (dvd-video)</marcx:subfield><marcx:subfield code="d">1 vejledning</marcx:subfield><marcx:subfield code="d">1 kort</marcx:subfield></marcx:datafield><marcx:datafield tag="501" ind1="0" ind2="0"><marcx:subfield code="i">Afspilningsudstyr</marcx:subfield><marcx:subfield code="a">Sony \playstation 3\; understøtter vibrationsfunktion</marcx:subfield></marcx:datafield><marcx:datafield tag="504" ind1="0" ind2="0"><marcx:subfield code="&amp;">1</marcx:subfield><marcx:subfield code="a">Rollespil. Sagaen om det krigshærgede fantasy-kontinent Tamriel fortsætter. Der er gået flere hundrede år siden "Oblivion". Kolossale drager, som man troede var uddøde forlængst, er begyndt at sprede død og ødelæggelse. Som efterkommer af en gammel drageslægt, skal du opklare dragernes hemmelighed. Undervejs skal du nedkæmpe nogle af dragerne og lære deres særlige angreb. Den kolossale verden ligger åben for dine fødder. Du bestemmer selv hvordan eventyret skal udfolde sig, og hvordan det skal ende!</marcx:subfield></marcx:datafield><marcx:datafield tag="505" ind1="0" ind2="0"><marcx:subfield code="a">Spil for 1 spiller</marcx:subfield></marcx:datafield><marcx:datafield tag="512" ind1="0" ind2="0"><marcx:subfield code="a">Titlen hentet fra disc-etiketten</marcx:subfield></marcx:datafield><marcx:datafield tag="512" ind1="0" ind2="0"><marcx:subfield code="a">Vejledning: Engelsk tekst med quickstart på dansk, norsk, svensk og finsk</marcx:subfield></marcx:datafield><marcx:datafield tag="517" ind1="0" ind2="0"><marcx:subfield code="&amp;">1</marcx:subfield><marcx:subfield code="a">PEGI-mærkning: 18</marcx:subfield></marcx:datafield><marcx:datafield tag="517" ind1="0" ind2="0"><marcx:subfield code="&amp;">1</marcx:subfield><marcx:subfield code="a">Fra 16 år</marcx:subfield></marcx:datafield><marcx:datafield tag="652" ind1="0" ind2="0"><marcx:subfield code="m">79.41</marcx:subfield></marcx:datafield><marcx:datafield tag="666" ind1="0" ind2="0"><marcx:subfield code="0"></marcx:subfield><marcx:subfield code="o">rollespil</marcx:subfield></marcx:datafield><marcx:datafield tag="666" ind1="0" ind2="0"><marcx:subfield code="0"></marcx:subfield><marcx:subfield code="o">computerspil</marcx:subfield></marcx:datafield><marcx:datafield tag="710" ind1="0" ind2="0"><marcx:subfield code="a">Bethesda Game Studios</marcx:subfield></marcx:datafield><marcx:datafield tag="990" ind1="0" ind2="0"><marcx:subfield code="o">201201</marcx:subfield><marcx:subfield code="b">m</marcx:subfield><marcx:subfield code="b">v</marcx:subfield><marcx:subfield code="u">nt</marcx:subfield></marcx:datafield><marcx:datafield tag="991" ind1="0" ind2="0"><marcx:subfield code="o">Ekspres 201151</marcx:subfield></marcx:datafield><marcx:datafield tag="991" ind1="0" ind2="0"><marcx:subfield code="o">Agenturholder: Nordic Game Supply</marcx:subfield></marcx:datafield><marcx:datafield tag="996" ind1="0" ind2="0"><marcx:subfield code="a">DBC</marcx:subfield></marcx:datafield><marcx:datafield tag="d08" ind1="0" ind2="0"><marcx:subfield code="o">jj</marcx:subfield><marcx:subfield code="o">ahf</marcx:subfield><marcx:subfield code="k">osh</marcx:subfield><marcx:subfield code="r">stj</marcx:subfield><marcx:subfield code="a">note om at en del af oplaget leveres uden dvd-video er tilf. i 021</marcx:subfield></marcx:datafield><marcx:datafield tag="d90" ind1="0" ind2="0"><marcx:subfield code="o">201201</marcx:subfield><marcx:subfield code="b">m</marcx:subfield><marcx:subfield code="b">v</marcx:subfield><marcx:subfield code="u">nt</marcx:subfield></marcx:datafield><marcx:datafield tag="d90" ind1="0" ind2="0"><marcx:subfield code="x">201151</marcx:subfield><marcx:subfield code="b">m</marcx:subfield><marcx:subfield code="b">v</marcx:subfield><marcx:subfield code="u">nt</marcx:subfield></marcx:datafield><marcx:datafield tag="f06" ind1="0" ind2="0"><marcx:subfield code="b">m</marcx:subfield><marcx:subfield code="b">v</marcx:subfield></marcx:datafield><marcx:datafield tag="n51" ind1="0" ind2="0"><marcx:subfield code="a">20121231</marcx:subfield><marcx:subfield code="b">ejBKX</marcx:subfield></marcx:datafield><marcx:datafield tag="n55" ind1="0" ind2="0"><marcx:subfield code="a">20111114</marcx:subfield></marcx:datafield><marcx:datafield tag="s12" ind1="0" ind2="0"><marcx:subfield code="t">TeamBMV201150</marcx:subfield></marcx:datafield><marcx:datafield tag="z99" ind1="0" ind2="0"><marcx:subfield code="a">stj</marcx:subfield></marcx:datafield></marcx:record></marcx:collection><oss:openurl/><adminData><creationDate>2011-11-14</creationDate><libraryType>none</libraryType><indexingAlias>danmarcxchange</indexingAlias><accessType>physical</accessType><collectionIdentifier>870970-basis</collectionIdentifier></adminData></ting:container>